@book{1,
	title = {An Interactive Learning Method to Engage Students in Modeling},
	author = {Stephan Krusche,Nadine von Frankenberg,Lara Marie Reimer,Bernd Bruegge},
	year = {2020}
}
@book{2,
    author ={Anderson, Lorin W., Krathwohl, David R.} ,
    title = {A taxonomy for learning, teaching, and assessing : a revision of Bloom's taxonomy of educational objectives},
    year = {2001}
}
@book{3,
    title ={Interactive learning - A Scalable and Adaptive
Learning Approach for Large Courses},
    author = {Stephan Krusche},
    year ={2021} 
}
@book{4,
    author = {Jan Philip Bernius, Stephan Krusche, Bernd Bruegge},
    title ={Machine learning based feedback on textual student answers in large courses},
    year ={2022} 
}
@book{5,
author = {Paul A. Kirschner, John Sweller and Richard E. Clark},
title = {Why Minimal Guidance During Instruction Does Not Work: An Analysis of the Failure of Constructivist, Discovery, Problem-Based, Experiential, and Inquiry-Based Teaching},
year = {2006},
publisher = {Routledge},
}
@book{6,
    author = {OpenAI},
    title = {Gpt-4 technical report},
    year = {2023}
}
@book{7,
    author ={E. Kasneci, K. Se√üler, et al.},
    title ={Chatgpt for good? on opportunities and challenges of large language models for education} ,
    year = 2023
}

